<record><leader>00000cas a22000007a 4500</leader><controlfield tag="001">13297691</controlfield><controlfield tag="008">860314c19019999wiuwr ne      0    0eng d</controlfield><datafield ind1=" " ind2=" " tag="010"><subfield code="a">sn 86086379 </subfield></datafield><datafield ind1=" " ind2=" " tag="040"><subfield code="a">NPV</subfield><subfield code="b">eng</subfield><subfield code="c">NPV</subfield><subfield code="d">OCLCQ</subfield></datafield><datafield ind1=" " ind2=" " tag="032"><subfield code="a">402740</subfield><subfield code="b">USPS</subfield></datafield><datafield ind1=" " ind2=" " tag="042"><subfield code="a">msc</subfield></datafield><datafield ind1=" " ind2=" " tag="045"><subfield code="a">x0--</subfield></datafield><datafield ind1=" " ind2=" " tag="052"><subfield code="a">4123</subfield><subfield code="b">W5</subfield></datafield><datafield ind1="0" ind2="4" tag="245"><subfield code="a">The Oconomowoc enterprise.</subfield></datafield><datafield ind1=" " ind2=" " tag="260"><subfield code="a">Oconomowoc, Wis. :</subfield><subfield code="b">Hathaway &amp; Palmer,</subfield><subfield code="c">1901-</subfield></datafield><datafield ind1=" " ind2=" " tag="300"><subfield code="a">v. :</subfield><subfield code="b">ill.</subfield></datafield><datafield ind1=" " ind2=" " tag="310"><subfield code="a">Weekly</subfield></datafield><datafield ind1="0" ind2=" " tag="362"><subfield code="a">Vol. 12, no. 34 (Mar. 8, 1901)-</subfield></datafield><datafield ind1=" " ind2=" " tag="500"><subfield code="a">Publisher varies.</subfield></datafield><datafield ind1=" " ind2=" " tag="500"><subfield code="a">"Official legal newspaper City of Oconomowoc, Town of Oconomowoc, Town of Summit, Village of Lac La Belle, Village of Oconomowoc Lake."</subfield></datafield><datafield ind1=" " ind2=" " tag="500"><subfield code="a">Editors: Hathaway &amp; Palmer, March 8, 1901-March 1, 1907; G.E. Palmer, March 8, 1907-Nov. 28, 1930; T.P. Collins, Dec. 5, 1930-Feb. 15, 1935; G.E. Palmer, Feb. 22, 1935-July 31, 1936.</subfield></datafield><datafield ind1=" " ind2=" " tag="530"><subfield code="a">Available on microfilm from The State Historical Society of Wisconsin.</subfield></datafield><datafield ind1=" " ind2=" " tag="752"><subfield code="a">United States</subfield><subfield code="b">Wisconsin</subfield><subfield code="c">Waukesha</subfield><subfield code="d">Oconomowoc.</subfield></datafield><datafield ind1=" " ind2=" " tag="752"><subfield code="a">United States</subfield><subfield code="b">Wisconsin</subfield><subfield code="c">Waukesha</subfield><subfield code="d">Oconomowoc Lake.</subfield></datafield><datafield ind1=" " ind2=" " tag="752"><subfield code="a">United States</subfield><subfield code="b">Wisconsin</subfield><subfield code="c">Waukesha</subfield><subfield code="d">Summit.</subfield></datafield><datafield ind1=" " ind2=" " tag="752"><subfield code="a">United States</subfield><subfield code="b">Wisconsin</subfield><subfield code="c">Waukesha</subfield><subfield code="d">Lac La Belle.</subfield></datafield><datafield ind1="0" ind2="0" tag="780"><subfield code="t">Enterprise (Oconomowoc, Wis.)</subfield><subfield code="w">(DLC)sn 86086378</subfield></datafield><datafield ind1="1" ind2=" " tag="029"><subfield code="a">AU@</subfield><subfield code="b">000025827893</subfield></datafield></record>